<record><leader>00000cas a22000007a 4500</leader><controlfield tag="001">18143565</controlfield><controlfield tag="008">880628d19021911ohuwr ne      0    0eng d</controlfield><datafield ind1=" " ind2=" " tag="010"><subfield code="a">sn 88077601 </subfield></datafield><datafield ind1=" " ind2=" " tag="040"><subfield code="a">ONP</subfield><subfield code="b">eng</subfield><subfield code="c">ONP</subfield><subfield code="d">OCLCQ</subfield></datafield><datafield ind1=" " ind2=" " tag="042"><subfield code="a">msc</subfield></datafield><datafield ind1="0" ind2="0" tag="245"><subfield code="a">Weekly journal-herald.</subfield></datafield><datafield ind1=" " ind2=" " tag="260"><subfield code="a">Delaware, Ohio :</subfield><subfield code="b">Journal-Herald Co.,</subfield><subfield code="c">1902-1911.</subfield></datafield><datafield ind1=" " ind2=" " tag="300"><subfield code="a">v.</subfield></datafield><datafield ind1=" " ind2=" " tag="310"><subfield code="a">Weekly</subfield></datafield><datafield ind1="0" ind2=" " tag="362"><subfield code="a">Vol. 3, no. 13 (Mar. 27, 1902)-v. 10, no. 31 (Nov. 30, 1911).</subfield></datafield><datafield ind1=" " ind2="4" tag="651"><subfield code="a">Delaware (Ohio)</subfield><subfield code="v">Newspapers.</subfield></datafield><datafield ind1=" " ind2="4" tag="651"><subfield code="a">Delaware County (Ohio)</subfield><subfield code="v">Newspapers.</subfield></datafield><datafield ind1=" " ind2=" " tag="752"><subfield code="a">United States</subfield><subfield code="b">Ohio</subfield><subfield code="c">Delaware</subfield><subfield code="d">Delaware.</subfield></datafield><datafield ind1="0" ind2=" " tag="775"><subfield code="t">Daily journal-herald (Delaware, Ohio)</subfield><subfield code="w">(DLC)sn 88077594</subfield></datafield><datafield ind1="0" ind2="4" tag="780"><subfield code="t">Weekly journal (Delaware, Ohio)</subfield><subfield code="w">(DLC)sn 88077600</subfield></datafield><datafield ind1="0" ind2="4" tag="780"><subfield code="t">Delaware Democratic herald</subfield><subfield code="w">(DLC)sn 83035597</subfield></datafield><datafield ind1="0" ind2="0" tag="785"><subfield code="t">Semi-weekly journal-herald</subfield><subfield code="w">(DLC)sn 83035598</subfield></datafield><datafield ind1="1" ind2=" " tag="029"><subfield code="a">AU@</subfield><subfield code="b">000020523883</subfield></datafield></record>